
@misc{wrap_food_2020,
	title = {Food surplus and waste in the {UK} – key facts},
	url = {https://wrap.org.uk/sites/default/files/2020-11/Food-surplus-and-waste-in-the-UK-key-facts-Jan-2020.pdf},
	urldate = {2023-09-26},
	author = {WRAP},
	month = jan,
	year = {2020},
	file = {WRAP - 2020 - Food surplus and waste in the UK – key facts.pdf:C\:\\Users\\kiera\\Zotero\\storage\\GEJLN8YD\\WRAP - 2020 - Food surplus and waste in the UK – key facts.pdf:application/pdf},
}

@misc{census_families_2022,
	title = {Families and households in the {UK} - {Office} for {National} {Statistics}},
	url = {https://www.ons.gov.uk/peoplepopulationandcommunity/birthsdeathsandmarriages/families/bulletins/familiesandhouseholds/2022},
	urldate = {2023-09-26},
	author = {{Census}},
	year = {2022},
	file = {Families and households in the UK - Office for National Statistics:C\:\\Users\\kiera\\Zotero\\storage\\29J8IK3E\\2022.html:text/html},
}
